@MISC{cltk,
	howpublished = "\url{https://github.com/cltk/cltk}",
	author = "Kyle P. Johnson et al.",
	title = "CLTK: The Classical Languages Toolkit",
	year = "2014--2017",
	note = "10.5281/zenodo.593336"
}

@BOOK{pythonnlp,
	author = "Jalaj Thanaki",
	title = "Python Natural Language Processing",
	publisher = "Packt Publishing",
	year = "2017"
}

@BOOK{drp,
	author = "M. Tullius Cicero",
	title = "De Re Publica",
	publisher = "The Latin Library",
	note = "\url{http://www.thelatinlibrary.com/cicero/repub.shtml}"
}

@MISC{kindqueen,
	howpublished = "\url{http://www.lifestyletrading101.com/word2vec-deep-learning/}",
	author = "Allen",
	title = "Word2Vec - Deep Learning",
	year = "2018"
}

@MISC{ggplot,
	howpublished = "\url{http://ggplot2.org/}",
	author = "Hadley Wickham",
	title = "Ggplot2",
	year = "2013"
}

@MISC{towards,
	howpublished = "\url{https://towardsdatascience.com/machine-learning-fundamentals-ii-neural-networks-f1e7b2cb3eef}",
	author = "Conor McDonald",
	title = "Machine learning fundamentals (II): Neural networks",
	year = "2017"
}

@MISC{cbow,
	howpublished = "\url{http://mccormickml.com/assets/word2vec/Alex_Minnaar_Word2Vec_Tutorial_Part_II_The_Continuous_Bag-of-Words_Model.pdf}",
	author = "Alex Minnaar",
	title = "Word2Vec Tutorial Part II: The Continuous Bag-of-Words Model",
	year = "2015"
}

@MISC{gensim,
	howpublished = "\url{https://github.com/MiguelSteph/word2vec-with-gensim}",
	author = "Miguel Stephane",
	title = "Build and visualize Word2Vec model with Gensim",
	year = "2017"
}


@MISC{dimred,
	howpublished = "\url{http://scikit-learn.org/stable/modules/classes.html#module-sklearn.decomposition}",
	author = "Scikit-learn",
	title = "API Reference: Sklearn.Decomposition",
	year = "2007-2017"
}

@MISC{doccluster,
	howpublished = "\url{http://brandonrose.org/clustering}",
	author = "Brandon Rose",
	title = "Document Clustering with Python",
	year = "2015"
}

@MISC{code,
	howpublished = "\url{https://github.com/marccanby/DeRePublicaAnalysis}",
	author = "Marc E. Canby",
	title = "De Re Publica Computational Analysis",
	year = "2018"
}